@InProceedings{Jenadeleh_2018_CVPR_Workshops,
    author = {Jenadeleh, Mohsen and Pedersen, Marius and Saupe, Dietmar},
    title = {Realtime Quality Assessment of Iris Biometrics Under Visible Light},
    booktitle = {The IEEE Conference on Computer Vision and Pattern Recognition (CVPR) Workshops},
    month = {June},
    year = {2018}
} 

@ARTICLE{belcher2008,
author={C. {Belcher} and Y. {Du}},
journal={IEEE Transactions on Information Forensics and Security},
title={A Selective Feature Information Approach for Iris Image-Quality Measure},
year={2008},
volume={3},
number={3},
pages={572-577},
keywords={biometrics (access control);feature extraction;image recognition;wavelet transforms;selective feature information approach;image-quality measure;iris-recognition systems;iris region;occlusion;dilation;feature information score;2D Gabor wavelet;1D Log-Gabor wavelet;diverse data set;convolution matrix;spectrum energy;Mexican hat wavelet methods;Convolution;Iris recognition;Focusing;Frequency measurement;Image quality;Support vector machines;Support vector machine classification;Waveguide discontinuities;Image resolution;Hardware;Biometrics;feature information;iris-quality measure;iris recognition},
doi={10.1109/TIFS.2008.924606},
ISSN={1556-6013},
month={Sep.},}

@proceeding{
author = { Vladimir A. Pozdin,Yingzi  Du},
title = {Performance analysis and parameter optimization for iris recognition using Log-Gabor wavelet},
volume = {6491},
year = {2007},
doi = {10.1117/12.702562},
URL = {https://doi.org/10.1117/12.702562},
eprint = {}
}

@article{ives1010,
author = {W. Ives, Robert and A. Bishop, Daniel and Du, Yingzi and Craig, Belcher},
year = {2010},
month = {02},
pages = {},
title = {Iris Recognition: The Consequences of Image Compression},
volume = {2010},
journal = {EURASIP Journal on Advances in Signal Processing},
doi = {10.1155/2010/680845}
}

@article{du2010,
author = {Du, Yingzi and Belcher, Craig and Zhou, Zhi and Ives, Robert},
year = {2010},
month = {04},
pages = {1176-1187},
title = {Feature correlation evaluation approach for iris feature quality measure},
volume = {90},
journal = {Signal Processing},
doi = {10.1016/j.sigpro.2009.10.001}
}

@INPROCEEDINGS{zhou2012,
author={Z. {Zhou} and E. Y. {Du} and C. {Belcher} and N. L. {Thomas} and E. J. {Delp}},
booktitle={2012 IEEE International Conference on Systems, Man, and Cybernetics (SMC)},
title={Quality fusion based multimodal eye recognition},
year={2012},
volume={},
number={},
pages={1297-1302},
keywords={image fusion;iris recognition;quality fusion based multimodal eye recognition;biometric system recognition accuracy;iris recognition;sclera recognition;system performance;image quality measure;eye image quality;iris area quality;sclera area quality;sclera quality scores;iris quality scores;Iris recognition;Image segmentation;Accuracy;Feature extraction;Image recognition;Area measurement;Databases;Eye recognition;Quality measure;Iris recognition;Sclera recognition;Quality fusion},
doi={10.1109/ICSMC.2012.6377912},
ISSN={1062-922X},
month={Oct},}

@INPROCEEDINGS{dong2009,
author={W. {Dong} and Z. {Sun} and T. {Tan} and Z. {Wei}},
booktitle={2009 16th IEEE International Conference on Image Processing (ICIP)},
title={Quality-based dynamic threshold for iris matching},
year={2009},
volume={},
number={},
pages={1949-1952},
keywords={image matching;iris recognition;quality assurance;visual databases;iris matching;iris recognition;dynamic threshold;template database;image quality assessment;Iris recognition;Image quality;Image recognition;Hamming distance;Video sequences;Throughput;Image databases;Feature extraction;High definition video;Pattern matching;Iris recognition;iris matching;image quality assessment;dynamic threshold;iris image acquisition},
doi={10.1109/ICIP.2009.5413452},
ISSN={1522-4880},
month={Nov},}

@ARTICLE{guo2010-CLBP,
author={Z. {Guo} and L. {Zhang} and D. {Zhang}},
journal={IEEE Transactions on Image Processing},
title={A Completed Modeling of Local Binary Pattern Operator for Texture Classification},
year={2010},
volume={19},
number={6},
pages={1657-1663},
keywords={image classification;image texture;completed modeling;local binary pattern operator;texture classification;completed LBP scheme;local difference sign-magnitude transform;image gray level;hybrid distributions;Pixel;Computer vision;Pattern recognition;Histograms;Face recognition;Image converters;Binary codes;Data mining;Feature extraction;Statistical analysis;Local binary pattern (LBP);rotation invariance;texture classification;Algorithms;Image Enhancement;Image Interpretation, Computer-Assisted;Imaging, Three-Dimensional;Pattern Recognition, Automated;Reproducibility of Results;Sensitivity and Specificity},
doi={10.1109/TIP.2010.2044957},
ISSN={1057-7149},
month={June},}

@INPROCEEDINGS{makinana2014,
author={S. {Makinana} and J. J. {Van Der Merwe} and T. {Malumedzha}},
booktitle={2014 International Symposium on Biometrics and Security Technologies (ISBAST)},
title={A fourier transform quality measure for iris images},
year={2014},
volume={},
number={},
pages={51-56},
keywords={feature extraction;Fourier transforms;iris recognition;Fourier transform;iris recognition system;feature extraction algorithm;iris image quality;Iris recognition;Iris;Standards;Feature extraction;Image quality;Fourier transforms;Frequency measurement;image quality;quality measure;Fourier Transform},
doi={10.1109/ISBAST.2014.7013093},
ISSN={},
month={Aug},}

@INPROCEEDINGS{mottali2009,
author={M. {Mottalli} and M. {Mejail} and J. {Jacobo-Berlles}},
booktitle={2009 16th IEEE International Conference on Image Processing (ICIP)},
title={Flexible image segmentation and quality assessment for real-time iris recognition},
year={2009},
volume={},
number={},
pages={1941-1944},
keywords={image segmentation;iris recognition;flexible image segmentation;quality assessment;real-time iris recognition;biometric features;iris texture;Image segmentation;Quality assessment;Iris recognition;Humans;Biometrics;Image analysis;Image texture analysis;Algorithm design and analysis;Image databases;Real time systems;image segmentation;real time systems;image edge analysis},
doi={10.1109/ICIP.2009.5414530},
ISSN={1522-4880},
month={Nov},}

@ARTICLE{pillai2011,
author={J. K. {Pillai} and V. M. {Patel} and R. {Chellappa} and N. K. {Ratha}},
journal={IEEE Transactions on Pattern Analysis and Machine Intelligence},
title={Secure and Robust Iris Recognition Using Random Projections and Sparse Representations},
year={2011},
volume={33},
number={9},
pages={1877-1893},
keywords={authorisation;image matching;image segmentation;iris recognition;secure iris recognition;robust iris recognition;random projections;sparse representations;contact-based biometrics;fingerprint;hand geometry;noncontact biometrics-based authentication system;privacy enhancement;iris biometrics;segmentation errors;iris acquisition;iris templates;Iris recognition;Image recognition;Biometrics;Image segmentation;Feature extraction;Iris recognition;cancelability;secure biometrics;random projections;sparse representations.;Algorithms;Biometric Identification;Databases, Factual;Humans;Image Processing, Computer-Assisted;Iris},
doi={10.1109/TPAMI.2011.34},
ISSN={0162-8828},
month={Sep.},}

@INPROCEEDINGS{shi2010,
author={C. {Shi} and L. {Jin}},
booktitle={2010 2nd International Conference on Future Computer and Communication},
title={A fast and efficient multiple step algorithm of iris image quality assessment},
year={2010},
volume={2},
number={},
pages={V2-589-V2-593},
keywords={iris recognition;multiple step algorithm;iris image quality assessment;biometrics personal identification;poor quality iris image;iris recognition system;poor quality images;Image quality;Image recognition;Biometrics;Iris recognition;Least squares methods;Biomedical optical imaging;Physics;Image sequences;Frequency;Image databases;iris image;quality assessment;iris localization;Laplacian of Gaussian;occlusion},
doi={10.1109/ICFCC.2010.5497537},
ISSN={},
month={May},}

@Article{bharadwaj2014,
author="Bharadwaj, Samarth
and Vatsa, Mayank
and Singh, Richa",
title="Biometric quality: a review of fingerprint, iris, and face",
journal="EURASIP Journal on Image and Video Processing",
year="2014",
month="Jul",
day="02",
volume="2014",
number="1",
pages="34",
abstract="Biometric systems encounter variability in data that influence capture, treatment, and u-sage of a biometric sample. It is imperative to first analyze the data and incorporate this understanding within the recognition system, making assessment of biometric quality an important aspect of biometrics. Though several interpretations and definitions of quality exist, sometimes of a conflicting nature, a holistic definition of quality is indistinct. This paper presents a survey of different concepts and interpretations of biometric quality so that a clear picture of the current state and future directions can be presented. Several factors that cause different types of degradations of biometric samples, including image features that attribute to the effects of these degradations, are discussed. Evaluation schemes are presented to test the performance of quality metrics for various applications. A survey of the features, strengths, and limitations of existing quality assessment techniques in fingerprint, iris, and face biometric are also presented. Finally, a representative set of quality metrics from these three modalities are evaluated on a multimodal database consisting of 2D images, to understand their behavior with respect to match scores obtained from the state-of-the-art recognition systems. The analysis of the characteristic function of quality and match scores shows that a careful selection of complimentary set of quality metrics can provide more benefit to various applications of biometric quality.",
issn="1687-5281",
doi="10.1186/1687-5281-2014-34",
url="https://doi.org/10.1186/1687-5281-2014-34"
}

@INPROCEEDINGS{bharadwaj2010,
author={S. {Bharadwaj} and H. S. {Bhatt} and M. {Vatsa} and R. {Singh}},
booktitle={2010 Fourth IEEE International Conference on Biometrics: Theory, Applications and Systems (BTAS)},
title={Periocular biometrics: When iris recognition fails},
year={2010},
volume={},
number={},
pages={1-6},
keywords={iris recognition;periocular biometrics;iris recognition;visible spectrum;near infrared spectrum;UBIRIS v2 database;Iris recognition;Databases;Pixel;Feature extraction;Image segmentation;Probes},
doi={10.1109/BTAS.2010.5634498},
ISSN={},
month={Sep.},}

@article{daugman2000,
author = {Daugman, John},
year = {2000},
month = {01},
pages = {},
title = {Biometric Decision Landscapes},
journal = {IEEE Transactions on Reliability - TR}
}

@INPROCEEDINGS{happold2014,
author={M. {Happold}},
booktitle={IEEE International Joint Conference on Biometrics},
title={Learning to predict match scores for iris image quality assessment},
year={2014},
volume={},
number={},
pages={1-8},
keywords={feature extraction;feature selection;image enhancement;image matching;iris recognition;learning (artificial intelligence);regression analysis;visual databases;learning method;match score prediction;iris image quality assessment;iris matching algorithms;image database;random forest regressor;feature selection;feature vector dimensionality reduction;Iris recognition;Measurement;Training;Vectors;Eyelids;Feature extraction;Vegetation},
doi={10.1109/BTAS.2014.6996298},
ISSN={},
month={Sep.},}

@article{jenadeleh2016,
author = {Jenadeleh, Mohsen and Ebrahimi Moghaddam, Mohsen},
year = {2016},
month = {07},
pages = {},
title = {BIQWS: efficient Wakeby modeling of natural scene statistics for blind image quality assessment},
volume = {76},
journal = {Multimedia Tools and Applications},
doi = {10.1007/s11042-016-3785-4}
}

@article{jenadeleh2017,
author = {Jenadeleh, Mohsen and Masood Masaeli, Mohammad and Ebrahimi Moghaddam, Mohsen},
year = {2017},
month = {08},
pages = {1},
title = {Blind image quality assessment based on aesthetic and statistical quality-aware features},
volume = {26},
journal = {Journal of Electronic Imaging},
doi = {10.1117/1.JEI.26.4.043018}
}

@INPROCEEDINGS{li2013,
author={X. {Li} and Z. {Sun} and T. {Tan}},
booktitle={2013 International Conference on Biometrics (ICB)},
title={Predict and improve iris recognition performance based on pairwise image quality assessment},
year={2013},
volume={},
number={},
pages={1-6},
keywords={authorisation;computer graphics;feature extraction;image matching;image motion analysis;image restoration;iris recognition;regression analysis;vectors;iris recognition performance prediction;iris recognition performance improvement;pairwise image quality assessment;relative quality variations;quality score;statistical regression problem;quality measures;focus computation;motion blur computation;illumination computation;off-angle computation;occlusions computation;dilation computation;feature vector;intra score prediction;inter score prediction;uncertainty matching score interval;ICE 1.0;CASIA-iris-lamp;CASIA-iris-thousand;biometric authentication systems;partial least squares regression;Iris recognition;Image quality;Iris;Training;Ice;Uncertainty;Hamming distance},
doi={10.1109/ICB.2013.6612992},
ISSN={2376-4201},
month={June},}

@TECHREPORT{masek2003,
    author = {Libor Masek},
    title = {Recognition of Human Iris Patterns for Biometric Identification},
    institution = {},
    year = {2003}
}

@article{liu2014,
author = {Liu, Lixiong and Liu, Bao and Huang, Hua and Bovik, Alan},
year = {2014},
month = {09},
pages = {},
title = {No-reference image quality assessment based on spatial and spectral entropies},
volume = {29},
journal = {Signal Processing Image Communication},
doi = {10.1016/j.image.2014.06.006}
}

@INPROCEEDINGS{liu2017,
author={X. {Liu} and M. {Pedersen} and C. {Charrier} and P. {Bours}},
booktitle={2017 IEEE International Conference on Image Processing (ICIP)},
title={Can no-reference image quality metrics assess visible wavelength iris sample quality?},
year={2017},
volume={},
number={},
pages={3530-3534},
keywords={biometrics (access control);iris recognition;imaging technologies;unconstrained imaging conditions;infrared iris biometrics;iris images;general purpose no-reference image quality metrics;visible wavelength iris sample quality;iris recognition systems;Iris recognition;Cameras;Quality assessment;Iris;Image quality;Measurement;Quality assessment;visible wavelength;iris biometrics;no-reference;image quality metric},
doi={10.1109/ICIP.2017.8296939},
ISSN={2381-8549},
month={Sep.},}

@inproceedings{makinana2014-2,
author = {Makinana, Sisanda and Malumedzha, Tendani and Nelwamondo, Fulufhelo},
year = {2014},
month = {04},
pages = {571-580},
title = {Iris Image Quality Assessment Based on Quality Parameters},
doi = {10.1007/978-3-319-05476-6_58}
}

@article{marciniak2014,
author = {Marciniak, Tomasz and Dabrowski, Adam and Chmielewska, Agata and Stankiewicz, Agnieszka},
year = {2014},
month = {01},
pages = {},
title = {Selection of parameters in iris recognition system},
volume = {68},
journal = {Multimedia Tools and Applications},
doi = {10.1007/s11042-012-1035-y}
}

@inproceedings{mishra2018,
author = {Mishra, Kamta},
year = {2018},
month = {01},
pages = {},
title = {An Efficient Technique for Online Iris Image Compression and Personal Identification},
journal = {Lecture Notes in Networks and Systems},
doi = {10.1007/978-981-10-8198-9_35}
}

@ARTICLE{mittal2012-BRISQUE,
author={A. {Mittal} and A. K. {Moorthy} and A. C. {Bovik}},
journal={IEEE Transactions on Image Processing},
title={No-Reference Image Quality Assessment in the Spatial Domain},
year={2012},
volume={21},
number={12},
pages={4695-4708},
keywords={computational complexity;distortion;image denoising;statistical analysis;no-reference image quality assessment model;natural scene statistic-based distortion-generic blind model;NR-IQA model;dubbed blind-referenceless image spatial quality evaluator domain model;BRISQUE model;normalized luminance coefficients;empirical distribution;spatial natural scene statistic model;coordinate frame;full-reference peak signal-to-noise ratio;structural similarity index;nonblind image denoising algorithm;low computational complexity;distortion-identification;BRISQUE augmentation;Visualization;Humans;Indexes;Prediction algorithms;Nonlinear distortion;Distortion measurement;Blind quality assessment;denoising;natural scene statistics;no reference image quality assessment;spatial domain},
doi={10.1109/TIP.2012.2214050},
ISSN={1057-7149},
month={Dec},}

@ARTICLE{moorthy2010,
author={A. K. {Moorthy} and A. C. {Bovik}},
journal={IEEE Signal Processing Letters},
title={A Two-Step Framework for Constructing Blind Image Quality Indices},
year={2010},
volume={17},
number={5},
pages={513-516},
keywords={image processing;statistical analysis;two-step framework;blind image quality indices;NR IQA algorithms;no-reference image quality assessment;natural scene statistics;live image quality assessment database;Image quality;Signal processing algorithms;Layout;Statistics;Humans;Transform coding;Quality assessment;Testing;Indexes;Image databases;},
doi={10.1109/LSP.2010.2043888},
ISSN={1070-9908},
month={May},}

@article{othman2015,
author = {Othman, Nadia and Dorizzi, Bernadette and Garcia-Salicetti, Sonia},
year = {2015},
month = {09},
pages = {},
title = {OSIRIS: An open source iris recognition software},
volume = {82},
journal = {Pattern Recognition Letters},
doi = {10.1016/j.patrec.2015.09.002}
}

@article{pertuz2012-WAV1,
author = {Pertuz, Said and Puig, Domenec and García, Miguel},
year = {2012},
month = {11},
pages = {},
title = {Analysis of focus measure operators in shape-from-focus},
volume = {46},
journal = {Pattern Recognition},
doi = {10.1016/j.patcog.2012.11.011}
}

@ARTICLE{proenca2011,
author={H. {Proenca}},
journal={IEEE Transactions on Information Forensics and Security},
title={Quality Assessment of Degraded Iris Images Acquired in the Visible Wavelength},
year={2011},
volume={6},
number={1},
pages={82-95},
keywords={iris recognition;degraded iris images;data quality assessment;iris biometrics;visible wavelength light imagery;iris pigmentation;VW iris recognition;Iris;Iris recognition;Image segmentation;Motion segmentation;Kernel;Pixel;Biometrics;image quality assessment;iris recognition;visible-light iris images},
doi={10.1109/TIFS.2010.2086446},
ISSN={1556-6013},
month={March},}

@INPROCEEDINGS{raja2014,
author={K. B. {Raja} and R. {Raghavendra} and C. {Busch}},
booktitle={2nd International Workshop on Biometrics and Forensics},
title={Binarized statistical features for improved iris and periocular recognition in visible spectrum},
year={2014},
volume={},
number={},
pages={1-6},
keywords={feature extraction;image representation;image texture;independent component analysis;iris recognition;iris recognition;periocular recognition;visible spectrum iris verification;texture representation algorithm;binarized statistical image features;BSIF descriptor;independent component analysis;ICA;texture features;local binary pattern feature;Iris recognition;Feature extraction;Cameras;Image segmentation;Robustness;Iris recognition;Periocular recognition;Binarized statistical features;BSIF;Light field camera;Fusion},
doi={10.1109/IWBF.2014.6914249},
ISSN={},
month={March},}

@article{raja2015,
  title={Smartphone based visible iris recognition using deep sparse filtering},
  author={Kiran B. Raja and Ramachandra Raghavendra and Vinay Krishna Vemuri and Christoph Busch},
  journal={Pattern Recognition Letters},
  year={2015},
  volume={57},
  pages={33-42}
}

@ARTICLE{71thavalengal2015,
author={S. {Thavalengal} and P. {Bigioi} and P. {Corcoran}},
journal={IEEE Transactions on Consumer Electronics},
title={Iris authentication in handheld devices - considerations for constraint-free acquisition},
year={2015},
volume={61},
number={2},
pages={245-253},
keywords={image resolution;iris recognition;smart phones;iris authentication workflow;constraint-free acquisition;biometric;mobile acquisition techniques;handheld imaging devices;iris image quality;iris size;acquisition wavelength;smartphone model;pixel resolution;visible-only optical system;Iris recognition;Authentication;Smart phones;Cameras;Databases;NIST;Performance evaluation;Iris biometrics;smartphones;consumer biometrics},
doi={10.1109/TCE.2015.7150600},
ISSN={0098-3063},
month={May},}

@INPROCEEDINGS{thavalengal2015-2,
author={S. {Thavalengal} and P. {Bigioi} and P. {Corcoran}},
booktitle={2015 IEEE Conference on Computer Vision and Pattern Recognition Workshops (CVPRW)},
title={Evaluation of combined visible/NIR camera for iris authentication on smartphones},
year={2015},
volume={},
number={},
pages={42-49},
keywords={image resolution;image sensors;iris recognition;smart phones;visible camera evaluation;NIR camera evaluation;iris authentication;smartphones;iris biometrics;robust authentication method;constrained acquisition conditions;optics-sensor combination;optical properties;iris imaging capabilities;megapixel resolution;iris recognition;image quality comparisons;front-camera functions;Iris recognition;Cameras;Optical imaging;Optical sensors;Smart phones;Image color analysis;Image resolution},
doi={10.1109/CVPRW.2015.7301318},
ISSN={2160-7516},
month={June},}

@inproceedings{trokielwicz2016-Warsaw,
author = {Trokielewicz, Mateusz},
year = {2016},
month = {02},
pages = {},
title = {Iris Recognition with a Database of Iris Images Obtained in Visible Light Using Smartphone Camera},
doi = {10.1109/ISBA.2016.7477233}
}

@ARTICLE{zhang2015,
author={L. {Zhang} and L. {Zhang} and A. C. {Bovik}},
journal={IEEE Transactions on Image Processing},
title={A Feature-Enriched Completely Blind Image Quality Evaluator},
year={2015},
volume={24},
number={8},
pages={2579-2591},
keywords={image processing;learning (artificial intelligence);regression analysis;feature-enriched completely blind image quality evaluator;regression models;training images;test images quality;opinion-aware methods;opinion-unaware methods;natural image statistics;multivariate Gaussian model;Bhattacharyya-like distance;MATLAB source code;Feature extraction;Image quality;Computational modeling;Predictive models;Training;Histograms;Image coding;Blind image quality assessment;natural image statistics;multivariate Gaussian;Blind image quality assessment;natural image statistics;multivariate Gaussian;Algorithms;Animals;Databases, Factual;Humans;Image Processing, Computer-Assisted;Models, Statistical},
doi={10.1109/TIP.2015.2426416},
ISSN={1057-7149},
month={Aug},}

@article{daugman2004,
author = {J. Daugman},
journal = {	IEEE Transactions on Circuits and Systems for Video Technology},
number = {1},
pages = {21--30},
title = {{How Iris Recognition Works}},
volume = {14},
year = {2004}
}

@article{proence2010-ubirisv2,
author = "Proenca, H. and Filipe, S. and Santos, R. and Oliveira, J. and
Alexandre,{L.A.}"
,title = "The {UBIRIS.v2}: A Database of Visible Wavelength Images Captured On-The-Move and At-A-Distance"
,journal = "IEEE Trans. PAMI"
,volume = "32"
,doi = {10.1109/TPAMI.2009.66}
,number = "8"
,pages = "1529-1535"
,month = "August"
,year = "2010"
}

@inproceedings{proenca2005-ubirisv1
,author = "Proença,H. and Alexandre, {L.A.}"
,title = "{UBIRIS}: A noisy iris image database"
,booktitle = "13th International Conference on Image Analysis and Processing - ICIAP 2005"
,publisher = "Springer"
,volume = "LNCS 3617"
,pages = "970-977"
,address = "Cagliari, Italy"
,month = "September"
,year = 2005
}

@article{marsico2017-MICHE-1,
author = {De Marsico, Maria and Nappi, Michele and Narducci, Fabio and Proença, Hugo},
year = {2017},
month = {09},
pages = {},
title = {Insights into the results of MICHE I - Mobile Iris CHallenge Evaluation},
volume = {74},
journal = {Pattern Recognition},
doi = {10.1016/j.patcog.2017.08.028}
}

@INPROCEEDINGS{santada2016-MICHE-2,
author={M. {Castrillón-Santana} and M. {De Marsico} and M. {Nappi} and F. {Narducci} and H. {Proença}},
booktitle={2016 23rd International Conference on Pattern Recognition (ICPR)},
title={Mobile Iris CHallenge Evaluation II: Results from the ICPR competition},
year={2016},
volume={},
number={},
pages={149-154},
keywords={authorisation;image capture;image resolution;iris recognition;mobile computing;Mobile Iris Challenge Evaluation II;ICPR competition;mobile biometrics;personal data security;personal services security;mobile devices;computation resources;captured image resolution;mobile iris recognition;International Conference on Pattern Recognition;Iris recognition;Mobile communication;Mobile handsets;Cameras;Image resolution},
doi={10.1109/ICPR.2016.7899624},
ISSN={},
month={Dec},}


@article{chen2007-skin,
author = {Yao-Jiun Chen, Yen-Chun Lin},
title = {{Simple Face-detection Algorithm Based on Minimum Facial Features}},
year = {2007}
}

@misc{opencv,
  title={Open Source Computer Vision Library},
  howpublished = {\url{https://opencv.org/}},
  note = {Acessado: 2019-05-27}
}

@book{ratha2008advances,
  title={Advances in Biometrics: Sensors, Algorithms and Systems},
  author={Ratha, N.K. and Govindaraju, V.},
  isbn={9781846289200},
  lccn={2007929188},
  url={https://books.google.com.br/books?id=axy4vGfY68YC},
  year={2008},
  publisher={Springer}
}
@book{wayman2005biometric,
  title={Biometric Systems: Technology, Design and Performance Evaluation},
  author={Wayman, J.L. and Jain, A.K. and Maltoni, D. and Maio, D.},
  isbn={9781846280641},
  lccn={2004052208},
  url={https://books.google.com.br/books?id=LkHHDZtQwG0C},
  year={2005},
  publisher={Springer London}
}
@book{li2009encyclopedia,
  title={Encyclopedia of Biometrics.},
  author={Li, S.Z. and Jain, A.K.},
  number={v. 2},
  isbn={9780387730028},
  lccn={2009929415},
  series={2009 Springer E-Books},
  url={https://books.google.com.br/books?id=0bQbOYVULQcC},
  year={2009},
  publisher={Springer}
}

@article{Koong2014,
  doi = {10.1155/2014/781234},
  url = {https://doi.org/10.1155/2014/781234},
  year = {2014},
  publisher = {Hindawi Limited},
  volume = {2014},
  pages = {1--12},
  author = {Chorng-Shiuh Koong and Tzu-I Yang and Chien-Chao Tseng},
  title = {A User Authentication Scheme Using Physiological and Behavioral Biometrics for Multitouch Devices},
  journal = {The Scientific World Journal}
}

@incollection{ElAbed2012-EvaluationBiometricSystems,
  doi = {10.5772/52084},
  url = {https://doi.org/10.5772/52084},
  year = {2012},
  month = nov,
  publisher = {{InTech}},
  author = {Mohamad El-Abed and Christophe Charrier and Christophe Rosenberger},
  title = {Evaluation of Biometric Systems},
  booktitle = {New Trends and Developments in Biometrics}
}

@book{gonsalez2006,
 author = {Gonzalez, Rafael C. and Woods, Richard E.},
 title = {Digital Image Processing (3rd Edition)},
 year = {2006},
 isbn = {013168728X},
 publisher = {Prentice-Hall, Inc.},
 address = {Upper Saddle River, NJ, USA},
} 

@book{adlerIris2003,
  title={Adler's Physiology of the Eye: Clinical Application},
  author={Kaufman, P.L. and Alm, A. and Adler, F.H.},
  isbn={9780323011365},
  lccn={2002071828},
  series={Adler's Physiology of the Eye},
  url={https://books.google.com.br/books?id=2YlsAAAAMAAJ},
  year={2003},
  publisher={Mosby}
}


@misc{iris_UFRJ,
  title = {Biometria - Reconhecimento de Íris},
  howpublished = {\url{https://www.gta.ufrj.br/grad/08_1/iris/index.html}},
  note = {Acessado: 2019-05-23}
}

@misc{imgOlhoHumano,
  title = {Como funciona o Olho Humano?},
  howpublished = {\url{http://hob.med.br/como-funciona-o-olho-humano/}},
  note = {Acessado: 2019-05-23}
}

@ARTICLE{daugman2006,
author={J. {Daugman}},
journal={Proceedings of the IEEE},
title={Probing the Uniqueness and Randomness of IrisCodes: Results From 200 Billion Iris Pair Comparisons},
year={2006},
volume={94},
number={11},
pages={1927-1935},
keywords={biometrics (access control);eye;image coding;image matching;image retrieval;visual databases;iris codes;iris pair comparisons;iris cross comparisons;iris pattern;Daugman algorithms;decision thresholds;iris recognition algorithms;Biometrics;Iris recognition;Probability distribution;Large-scale systems;Image databases;National security;Robust control;Performance analysis;Algorithm design and analysis;Demodulation;Biometrics;demodulation;face recognition;Gabor wavelets;iris recognition;large-scale search;personal identification;texture analysis},
doi={10.1109/JPROC.2006.884092},
ISSN={0018-9219},
month={Nov},}

@INPROCEEDINGS{abdullah2015,
author={M. A. M. {Abdullah} and J. A. {Chambers} and W. L. {Woo} and S. S. {Dlay}},
booktitle={2015 3rd IAPR Asian Conference on Pattern Recognition (ACPR)},
title={Iris biometrie: Is the near-infrared spectrum always the best?},
year={2015},
volume={},
number={},
pages={816-819},
keywords={image fusion;iris recognition;iris biometrie;near-infrared spectrum;visible light;near-infrared imaging;NIR imaging;NIR spectrum;VL spectrum;cross-channel matching;UTIRIS database;iris pattern;recognition performance;Iris recognition;Databases;Image recognition;Feature extraction;Security;Image segmentation;Imaging},
doi={10.1109/ACPR.2015.7486616},
ISSN={2327-0985},
month={Nov},}

@misc{nir,
  title = {Near Infrared Images},
  howpublished = {\url{http://www.paulillsley.com/infrared/index.html}},
  note = {Acessado: 2019-05-26}
}

@misc{espectroeletromagnetico,
  title = {The Electromagnetic Spectrum},
  howpublished = {\url{https://www.miniphysics.com/electromagnetic-spectrum_25.html}},
  note = {Acessado: 2019-05-26}
}

@misc{erosionDilationOpencv,
  title = {Eroding and Dilating},
  howpublished = {\url{https://docs.opencv.org/2.4/doc/tutorials/imgproc/erosion_dilatation/erosion_dilatation.html}},
  note = {Acessado: 2019-05-27}
}

@book{oppenheim2013signals,
  title={Signals and Systems: Pearson New International Edition},
  author={Oppenheim, A.V. and Willsky, A.S.},
  isbn={9781292025902},
  series={Always learning},
  url={https://books.google.com.br/books?id=ut9oAQAACAAJ},
  year={2013},
  publisher={Pearson Education Limited}
}

@misc{stdfilt,
  title = {Local standard deviation of image},
  howpublished = {\url{https://www.mathworks.com/help/images/ref/stdfilt.html}},
  note = {Acessado: 2019-05-28}
}

@article{otsumethod,
    author = {N. Otsu},
    journal = {IEEE Transactions on Systems, Man, and Cybernetics},
    number = {1},
    pages = {62--66},
    volume = {9},
    title = {{A Threshold Selection Method from Gray-Level Histograms}},
    year = {1979}
}

@ARTICLE{ojala2002LBP,
author={T. {Ojala} and M. {Pietikainen} and T. {Maenpaa}},
journal={IEEE Transactions on Pattern Analysis and Machine Intelligence},
title={Multiresolution gray-scale and rotation invariant texture classification with local binary patterns},
year={2002},
volume={24},
number={7},
pages={971-987},
keywords={image texture;image classification;invariance;nonparametric statistics;multiresolution gray-scale texture classification;rotation invariant texture classification;local binary patterns;nonparametric discrimination;sample distributions;prototype distributions;local image texture;occurrence histogram;uniform patterns;angular space;spatial resolution;multiresolution analysis;gray-scale variations;computational simplicity;Gray-scale;Spatial resolution;Prototypes;Pattern recognition;Image recognition;Image texture;Histograms;Quantization;Multiresolution analysis;Robustness},
doi={10.1109/TPAMI.2002.1017623},
ISSN={0162-8828},
month={July},}

@misc{loggabor-kovesi,
  author = {Peter Kovesi},
  title = {Log-Gabor Filters},
  howpublished = {\url{https://www.peterkovesi.com/matlabfns/PhaseCongruency/Docs/convexpl.html}},
  note = {Acessado: 2019-05-29}
}

@misc{fingerprint_sensor,
  title = {Futronic FS80H},
  howpublished = {\url{https://www.biometricsupply.com/product/futronic-fs80h/}},
  note = {Acessado: 2019-06-03}
}

@misc{hand_sensor,
  title = {Schlage Biometric Employee Payroll Time Clock HandPunch HP2000E (Ethernet)- Hand Reader- Ingersoll Rand },
  howpublished = {\url{https://www.amazon.com/Schlage-Biometric-HandPunch-HP2000E-Ingersoll/dp/B005HJUQM6}},
  note = {Acessado: 2019-06-03}
}

@article{field1987-loggabor,
author = {David J. Field},
journal = {J. Opt. Soc. Am. A},
keywords = {Discrete Fourier transforms; Edge detection; Fourier transforms; Image analysis; Image processing; Image sensors},
number = {12},
pages = {2379--2394},
publisher = {OSA},
title = {Relations between the statistics of natural images and the response properties of cortical cells},
volume = {4},
month = {Dec},
year = {1987},
url = {http://josaa.osa.org/abstract.cfm?URI=josaa-4-12-2379},
doi = {10.1364/JOSAA.4.002379},
abstract = {The relative efficiency of any particular image-coding scheme should be defined only in relation to the class of images that the code is likely to encounter. To understand the representation of images by the mammalian visual system, it might therefore be useful to consider the statistics of images from the natural environment (i.e., images with trees, rocks, bushes, etc). In this study, various coding schemes are compared in relation to how they represent the information in such natural images. The coefficients of such codes are represented by arrays of mechanisms that respond to local regions of space, spatial frequency, and orientation (Gabor-like transforms). For many classes of image, such codes will not be an efficient means of representing information. However, the results obtained with six natural images suggest that the orientation and the spatial-frequency tuning of mammalian simple cells are well suited for coding the information in such images if the goal of the code is to convert higher-order redundancy (e.g., correlation between the intensities of neighboring pixels) into first-order redundancy (i.e., the response distribution of the coefficients). Such coding produces a relatively high signal-to-noise ratio and permits information to be transmitted with only a subset of the total number of cells. These results support Barlow's theory that the goal of natural vision is to represent the information in the natural environment with minimal redundancy.},
}

@TECHREPORT{masek2003,
    author = {Libor Masek},
    title = {Recognition of Human Iris Patterns for Biometric Identification},
    institution = {},
    year = {2003}
}

@article{wayman2001,
  doi = {10.1142/s0219467801000086},
  url = {https://doi.org/10.1142/s0219467801000086},
  year = {2001},
  month = jan,
  publisher = {World Scientific Pub Co Pte Lt},
  volume = {01},
  number = {01},
  pages = {93--113},
  author = {JAMES L. WAYMAN},
  title = {{FUNDAMENTALS} {OF} {BIOMETRIC} {AUTHENTICATION} {TECHNOLOGIES}},
  journal = {International Journal of Image and Graphics}
}

@article{mali2013,
  year = {2013},
  month = jul,
  volume = {02},
  number = {07},
  pages = {2776--2745},
  author = {Kalyani Mali, Samayita Bhattacharya},
  title = {Comparative Study of Different Biometric Features},
  journal = {International Journal of Advanced Research in Computer and Communication Engineering}
}